@book{cormen01,
    author  	= "Thomas H. Cormen and Charles E. Leiserson and Ronald L. Rivest and Clifford Stein",
    title   	= "Introduction to Algorithms",
    year    	= "2001",
    publisher 	= "The MIT Press"
}
